
@ONLINE{covid2020,
author = {unasus},
title = {Organização Mundial de Saúde declara pandemia do novo Coronavírus},
month = Março,
year = {2020},
url = {https://www.unasus.gov.br/noticia/organizacao-mundial-de-saude-declara-pandemia-de-coronavirus}
@ONLINE{gazebo21,
author = {},
title = {Robot simulation made easy.},
month = Agosto,
year = {2021},
url = {http://gazebosim.org/}
}

@online{esp32, 
title="ESP32",
author="Espressif",
url="https://www.espressif.com/en/products/modules/esp-wroom-32/overview",
addendum="(acessado em: 26.08.2021)"
}
@online{altium21,
    title="Altium Designer®",
    url="https://www.altium.com/altium-designer/",
    organization="Altium",
    addendum="(acessado em: 27.08.2021)",
}

@online{arduino, 
title="Arduino",
author="Arduino",
url="https://www.arduino.cc/",
addendum= "(acessado em: 28.08.2021)"
}

@manual{ACS712_datasheet, 
title="Fully Integrated, Hall Effect-Based Linear Current Sensor",
organization="Allegro MicroSystems",
url="https://www.sparkfun.com/datasheets/BreakoutBoards/0712.pdf",
addendum="(acessado em: 28.08.2021)"
}

@online{c++21, 
title="C++ Programming Language",
author="Claudio Buttice",
url="https://www.techopedia.com/definition/26184/c-programming-language",
addendum="(acessado em: 28.08.2021)"
}

@ONLINE{ROS21,
organization="ROS",
title = {Powering the world's robots},
month = Agosto,
year = {2021},
url = {https://www.ros.org/}
}


@ONLINE{github21,
organization="GitHub",
month = Agosto,
year = {2021},
url = {https://docs.github.com/pt/get-started}
}

@ONLINE{git21,
organization="Git -distributed-even-if-your-workflow-isnt",
month = Agosto,
year = {2021},
url = {https://git-scm.com/}
}


@ONLINE{rosgazeboguide21,
organization="ThundeRatz",
title= {ROS and Gazebo Guide},
month = Agosto,
year = {2021},
url = {https://github.com/ThundeRatz/ROSGazeboGuide/blob/main/assets/img/ROSGazebo/ros-concepts.png}
}

@online{python21, 
title="Python Programming Language",
organization="Python Software Foundation",
url="https://www.python.org/",
addendum="(acessado em: 29.08.2021)"
}


@online{rviz21,
author = "ROS",
url = "http://wiki.ros.org/rviz",
addendum="(acessado em: 29.08.2021)"
}

@online{fusion360,
title="Fusion 360",
url = "https://www.autodesk.com/products/fusion-360/overview?term=1-YEAR&tab=subscription"
}

@online{PillPick,
title="PillPick Swisslog",
url = "https://www.swisslog-healthcare.com/en-us/products/pharmacy-automation/pillpick-automated-packaging-and-dispensing-system"
}

@online{hospi,
title="Hopsi Panasonic",
url = "https://news.panasonic.com/global/topics/4923"
}

@online{reck,
title="RECK MOTOMED",
url = "https://www.motomed.com/en/?lang=1"
}

@online{ZIMA,
title="ZIMA - Soluções Médico Hospitalares",
url = "https://www.zimausp.org/"
}

@online{ADP,
title="Amigos da Poli",
url = "https://www.amigosdapoli.com.br/"
}